@article{JianqiangLi2017DoaR,
issn = {2169-3536},
journal = {IEEE Access},
pages = {696--704},
volume = {5},
publisher = {IEEE},
year = {2017},
title = {Design of a Real-Time {ECG} Filter for Portable Mobile Medical Systems},
language = {eng},
author = {Jianqiang Li and Genqiang Deng and Wei Wei and Huihui Wang and Zhong Ming},
keywords = {Electrocardiography ; Interference (Signal) ; Mobile Communication ; Iir Filters ; Real-Time Systems ; Cardiovascular Diseases ; Medical Devices ; Portable Computers ; ECG ; Integer Coefficients Iir Filter ; Portable Mobile Medical System ; Engineering},
}