@book{Lienhard2001Heat,
	author = { J. H. {Lienhard IV} and J. H. {Lienhard V} },
	title = {A heat transfer textbook},
	year = {2001},
	publisher = {J.H. Lienhard V},
	location = {Cambridge, Massachussets, U.S.A.}
},
@book{IBPhysics,
	publisher = {Oxford University Press},
	author = {Homer, D. and Bowen-Jones, M.},
	title = {Physics course companion},
	year = {2014},
}
