@book{Preisler2013BMB,
	author = {Preisler, H.},
	title = {Brun mands byrde},
	year = {2013},
	publisher = {Lindhardt og Ringhof},
}
