@misc{Wikipedia,
        title = {Filters Order 5},
        howpublished = {Wikipedia},
        month = {December},
        year = {2016},
        url = {https://commons.wikimedia.org/wiki/File:Filters\_order5.svg},
    }