@book{ChemIB2014Pearson,
	author = {Brown, C. and Ford, M.},
	title = {Higher level chemistry},
	year = {2014},
	publisher = {Pearson Education Ltd, Harlow},
	edition = {2nd edition},
}
@online{Flowers2014Keg,
	author = {Flowers, J},
	title = {How to use a hydrometer in 4 easy steps},
	url = {https://learn.kegerator.com/using-a-hydrometer/},
	year = {2014-07-15},
	note = {Retrieved on 2017-12-17},
}
@online{FergSirromet,
	author = {Walding, R.},
	title = {Estimation of alcohol content in wine by dichromate oxidation followed by redox titration},
	url={http://seniorchem.com/eei.html},
	year={n.d.}
	note={retrieved on 2017-09-23}
}