@book{Polchinski2005String,
	author = {Polchinski, J.},
	title = {String Theory. Volume 1, introduction to the Bosonic String},
	year = {2005},
	publisher = {Cambridge University Press},
}
@book{derbyshire2003prime,
	title={Prime Obsession: Bernhard Riemann and the Greatest Unsolved Problem in Mathematics},
	author={{Derbyshire}, J.},
	isbn={9780309085496},
	lccn={2002156310},
	year={2003},
	publisher={National Academies Press},
}
@online{Lynch1997TheProof,
	title = {The Proof},
	author = {Lynch, J.},
	year = {1997},
	publisher = {{WGBH} Educational Foundation},
	note = {Transcripts accessed on 2018-01-28},
	url = {http://www.pbs.org/wgbh/nova/transcripts/2414proof.html}
},
@book{ChemIB2014Pearson,
	author = {Brown, C. and Ford, M.},
	title = {Higher level chemistry},
	year = {2014},
	publisher = {Pearson Education Ltd, Harlow},
	edition = {2nd edition},
}