@book{EuclidElements,
	author = {{Joyce}, D. E.},
	title = {Euclid's Elements},
	publisher = {Department of Mathematics and Computer Science, Clark University},
	year = {1996},
	url={https://mathcs.clarku.edu/~djoyce/java/elements/elements.html}
	note={visited 2017-10-22}
}
@book{ClawsonMathMysteries,
	author = {{Clawson}, C. ~C.},
	title = {Mathematical mysteries: The beauty and magic of numbers},
	publisher = {Basic Books},
	year = {1996},
}
@book{CaldwellTableOfPi,
	author = {{Caldwell}, C. ~K.},
	title = {How Many Primes Are There?},
	url = {https://primes.utm.edu/howmany.html},
	publisher={University of Tennessee},
	year={n.d.},
	note={visited on 2017-10-19}
}
@book{Gimps,
	author = {{Mersenne Research Inc.}},
	title = {Largest known prime number: $2^{74,207,281}-1$},
	year = {2016},
	url = {https://www.mersenne.org/primes/?press=M74207281},
}
@book{GimpsMath,
	author = {{Mersenne Research Inc.}},
	title = {Mathematics and Research Strategy},
	year = {2009},
	url = {https://mersenne.org/various/math.php},
}
@book{GimpsFoundNumbers,
	author = {{Mersenne Research Inc.}},
	title = {List of Known Mersenne Prime Numbers},
	year = {2016},
	url = {https://www.mersenne.org/primes/},
}

@book{Grime2014Youtube,
	author = {{Grime}, ~J.},
	title = {The Riemann Hypothesis},
	url = {https://www.youtube.com/watch?v=rGo2hsoJSbo},
	year = {2014},
	note={visited on 2017-05-25}
}
@article{Horsley1772Sieve,
	ISSN = {02607085},
	author = {Horsley, S.},
	journal = {Philo Transactions (1683-1775)},
	pages = {327-347},
	publisher = {The Royal Society},
	title = {The Sieve of Eratosthenes. Being an Account of His Method of Finding All the Prime Numbers},
	volume = {62},
	year = {1772},
}

@book{Shanks1962NumTheory,
	author = {Shanks, D.},
	title = {Solved and unsolved problems in number theory},
	year = {1979},
	publisher = {Chelsea Publishing Company},
	location = {New York},
}

@book{oeisNumPrimes,
	author = {{Sloane}, ~N. J. A. and {Plouffe}, ~S.},
	title = {A0068880 - Number of primes $< 10^n$},
	year = {2016},
	url = {https://oeis.org/A006880},
	note={visited on 2017-05-25},
}
@book{oeisLn,
	author = {{Wilson v}, R. G.},
	title = {A057835 - Difference between $\pi(10^n)$ and the integer nearest to $\frac{10^n}{log(10^n)}$},
	year = {2000},
	url = {https://oeis.org/A057835},
	note={visited on 2017-05-25},
}
@book{oeisLi,
	author = {{Wilson v}, R. G.},
	title = {A057752 - Difference between nearest integer to $Li(10^n)$ and $\pi(10^n)$},
	year = {2000},
	url = {https://oeis.org/A057752},
	note={visited on 2017-05-25},
}
@book{WikiSieve,
	author = {{``Sieve of Eratosthenes"}},
	year = {n.d.},
	url = {https://en.wikipedia.org/wiki/Sieve\_of\_Eratosthenes\#Pseudocode},
	note={visited on 2017-05-25},
}
@book{derbyshire2003prime,
	title={Prime Obsession: Bernhard Riemann and the Greatest Unsolved Problem in Mathematics},
	author={{Derbyshire}, J.},
	isbn={9780309085496},
	lccn={2002156310},
	year={2003},
	publisher={National Academies Press},
}
@book{oeisZeros,
	author = {{Sloane}, ~N. J. A.},
	title = {A002410 - 	Nearest integer to imaginary part of n-th zero of Riemann zeta function.},
	year = {2004},
	url = {https://oeis.org/A002410},
	note={visited on 2017-09-17},
}
@book{UMNZetaZeros,
	author = {{Odlyzko}, A.},
	title = {The first 100 zeros of the Riemann zeta function, accurate to over 1000 decimal places.},
	year = {n.d.},
	publisher={University of Minnesota, Digital Technology Center},
	url = {http://www.dtc.umn.edu/$\sim$odlyzko/zeta\_tables/zeros2},
}
@book{wagon1999mathematica,
	title={Mathematica in Action},
	author={Wagon, S.},
	isbn={9780387986845},
	lccn={97048853},
	year={1999},
	publisher={Springer}
}