@misc{ONSstats,
	title        = {Families and households in the UK: 2017},
	author       = {{Office for National Statistics}},
	year         = {2017},
	howpublished = {\url{ons.gov.uk/peoplepopulationandcommunity/birthsdeathsandmarriages/families/bulletins/familiesandhouseholds/2017}},
	note         = {Accessed 13 February 2020}
}
@misc{NHSInjuries,
	title        = {Injuries due to falls in people aged 65 and over},
	author       = {{National Health Service}},
	year         = {n.d.},
	howpublished = {\url{nhs.uk/Scorecard/Pages/IndicatorFacts.aspx?MetricId=8135}},
	note         = {Accessed 13 February 2020}
}
@misc{GovUKFalls,
	title        = {Falls: applying all our health},
	author       = {Gov.uk},
	year         = {31 January 2020},
	howpublished = {\url{gov.uk/government/publications/falls-applying-all-our-health/falls-applying-all-our-health}},
	note         = {Accessed 13 February 2020}
}