@online{Lamar2018Dawkins,
    author = {Dawkins, P.},
    title = {Differential equations - notes. {L}amar {U}niversity, {T}exas, {U.S.A.} },
    year = {2018},
    note = {retrieved on 2018-03-10},
    url = {http://tutorial.math.lamar.edu/Classes/DE/HeatEqnNonZero.aspx}
}

@book{Lienhard2001Heat,
    author = {Lienhard IV, J. H. and Lienhard V, J. H.},
    title = {A Heat transfer textbook},
    year = {2001},
    publisher = {J.H. Lienhard V, Cambridge, Massachusetts, U.S.A.},
    url = {http://www.mie.uth.gr/labs/ltte/grk/pubs/ahtt.pdf},
    note = {retrieved on 2018-03-09}
}