begin{thebibliography}

@article{Par1996,
	author = {Leslie Bethell},
	title = "The {P}araguayan {W}ar (1864-1870)",
	institution = {University of London, Institute of Latin American studies},
	year = {1996},
}

@book{Afr44,
	author = {Afr\^{a}nio Peixoto},
	title = {Hist\'{o}ria do Brasil},
	year = {1944},
	publisher = {Cia Editora Nacional},
	location = {São Paulo},
}

@online{Souz2006,
	author = {Jonas Soares de Souza},
	title = {Itu, berço da Rep\'{u}blica},
	year = {September 2006},
	url = {http://www.itu.com.br/artigo/itu-berco-da-republica-20100202},
}

@book{Frey86,
	author = {Gilberto Freyre},
	title = {Order and Progress - Brazil from Monarchy to Republic},
	year = {1986},
	translator = {Rod W. Horton},
	publisher = {University of California Press},
	location = {London},
}

@book{Brz10,
	author = {A. M. C\'{e}sar \& P. R. T\'{u}lio \& R. L. Bettamio},
	title = {Hist\'{o}ria do Brasil},
	year = {2010},
	publisher = {Pr\'{e}-vestibular comunit\'{a}rio Vetor},
	location = {Rio de Janeiro},
}
@book{bieber1999power,
	title={Power, Patronage, and Political Violence: State Building on a Brazilian Frontier, 1822-1889},
	author={Bieber, J.},
	isbn={9780803212978},
	lccn={99022581},
	url={https://books.google.dk/books?id=Ol\_vXH75MqcC},
	year={1999},
	publisher={University of Nebraska Press}
}


@online{ManifestoRep,
	author = {{Q. Bocai\'{u}va, J.S. Marinho, et al}},
	title = {Manifesto Republicano},
	url = {http://www.cbg.org.br/novo/wp-content/uploads/2012/07/manifesto-republicano.pdf},
	note = {Annotated by Barata, Carlos. E. de A.},
	year = {1870},
}
\end{thebibliography}