
@reference{KayeLaby2005TableOfContents,
	author = {{Kaye \& Laby Online}},
	title = {Tables of Physical \& Chemical Constants (16\textsuperscript{th} edition 1995). 2.7.9 Physical properties of sea water},
	version= {1.0},
	year= {2005},
	url = {www.kayelaby.npl.co.uk}
}
