@misc{PlanetMoney677,
  author="Kestenbaum, D. and Goldstein, J.",
  title={Planet Money - Episode 677: The Experiment Experiment},
  month={January},
  year={2016},
  url={https://www.npr.org/sections/money/2016/01/15/463237871/episode-677-the-experiment-experiment},
  notes={podcast audio. accessed 2017-11-14}
}