@article{AmFam1999,
   title = {Safety of radiographic imaging during pregnancy},
   author = {Toppenberg, K.S. and Hill, A. and Miller, D. P.},
   journal = {American Family Physician},
   pages = {1813-1818},
   number = {7},
   volume = {59},
   month = {April},
   year = {1999},
}

@book{JohnsHopkings16,
   title = {Head and Neck Cancer | Frequently Asked Questions},
   author = {Koch, W.},
   publisher = {Johns Hopkins Medicine},
   month = {29 June},
   year = {2016},
   note = {youtu.be/Pt4E14HXw9Y. Retrieved 2020-03-12},
}

@article{PepperT2010Ttmu,
    issn = {0266-4356},
    journal = {British Journal of Oral \& Maxillofacial Surgery},
    pages = {201--202},
    volume = {48},
    publisher = {Elsevier Ltd},
    number = {3},
    year = {2010},
    title = {The transverse mega-apophysisâ€”An unusual neck lump},
    language = {eng},
    author = {Pepper, T. and Singh, M. and Brennan, P.A.},
}
@article{ACOG2017,
   title = {Guidelines for diagnostic imaging during pregnancy and lactation},
   author = {{The American College of Obstetricians and Gynecologists}},
   journal = {723},
   month = {October},
   year = {2017},
}
@electronic{ACS2020,
   title = {Ultrasound for Cancer},
   author = {{American Cancer Society}},
   year = {n.d.},
   note = {cancer.org. Retrieved 2020-03-12}
}
@electronic{TwoViews,
   title = {Neck Ultrasounds},
   author = {Two-Views},
   year = {n.d.},
   note = {two-views.com/ultrasounds/neck-test.html. Retrieved 2020-03-13.}
}
