@book{Creveld2004Supplying,
	author = {van Creveld, M.},
	title = {Supplying War: Logistics from Wallenstein to Patton},
	year = {2004},
	publisher = {Cambridge University Press},
	isbn = {9780521837446}
}
